@article{collins1998s,
  title={It's a small world},
  author={Collins, James J and Chow, Carson C},
  journal={Nature},
  volume={393},
  number={6684},
  pages={409--410},
  year={1998},
  publisher={Nature Publishing Group}
}
